
@misc{golemo_bio-inspired_2015,
	title = {A Bio-inspired Cognitive Architecture of the Zebra Finch's Birdsong Learning System to Model Circadian Differences in Learning a Tutor Song},
	author = {Golemo, Florian},
	date = {2015-11},
	file = {fgolemo-master-thesis-v3.compressed.pdf:/home/ecoffet/.zotero/zotero/3z1dqxla.default/zotero/storage/N4BENANB/fgolemo-master-thesis-v3.compressed.pdf:application/pdf}
}

@article{deregnaucourt_how_2005,
	title = {How sleep affects the developmental learning of bird song},
	volume = {433},
	issn = {0028-0836, 1476-4679},
	url = {http://www.nature.com/doifinder/10.1038/nature03275},
	doi = {10.1038/nature03275},
	pages = {710--716},
	number = {7027},
	journaltitle = {Nature},
	author = {Derégnaucourt, Sébastien and Mitra, Partha P. and Fehér, Olga and Pytte, Carolyn and Tchernichovski, Ofer},
	urldate = {2016-09-21},
	date = {2005-02-17},
	file = {Derégnaucourt et al. - 2005 - How sleep affects the developmental learning of bi.pdf:/home/ecoffet/.zotero/zotero/3z1dqxla.default/zotero/storage/86SVECVJ/Derégnaucourt et al. - 2005 - How sleep affects the developmental learning of bi.pdf:application/pdf}
}

@article{amador_elemental_2013,
	title = {Elemental gesture dynamics are encoded by song premotor cortical neurons},
	volume = {495},
	issn = {0028-0836, 1476-4687},
	url = {http://www.nature.com/doifinder/10.1038/nature11967},
	doi = {10.1038/nature11967},
	pages = {59--64},
	number = {7439},
	journaltitle = {Nature},
	author = {Amador, Ana and Perl, Yonatan Sanz and Mindlin, Gabriel B. and Margoliash, Daniel},
	urldate = {2016-09-20},
	date = {2013-02-27},
	keywords = {{OutstandingInterest}},
	file = {Amador et al. - 2013 - Elemental gesture dynamics are encoded by song pre.pdf:/home/ecoffet/.zotero/zotero/3z1dqxla.default/zotero/storage/8X9EQWEV/Amador et al. - 2013 - Elemental gesture dynamics are encoded by song pre.pdf:application/pdf}
}

@article{margoliash_sleep_2010,
	title = {Sleep, off-line processing, and vocal learning},
	volume = {115},
	issn = {0093934X},
	url = {http://linkinghub.elsevier.com/retrieve/pii/S0093934X09001345},
	doi = {10.1016/j.bandl.2009.09.005},
	pages = {45--58},
	number = {1},
	journaltitle = {Brain and Language},
	author = {Margoliash, Daniel and Schmidt, Marc F.},
	urldate = {2016-09-20},
	date = {2010-10},
	langid = {english},
	file = {Margoliash et Schmidt - 2010 - Sleep, off-line processing, and vocal learning.pdf:/home/ecoffet/.zotero/zotero/3z1dqxla.default/zotero/storage/XUE9UP6S/Margoliash et Schmidt - 2010 - Sleep, off-line processing, and vocal learning.pdf:application/pdf}
}

@article{shank_sleep_2009,
	title = {Sleep and sensorimotor integration during early vocal learning in a songbird},
	volume = {458},
	issn = {0028-0836, 1476-4687},
	url = {http://www.nature.com/doifinder/10.1038/nature07615},
	doi = {10.1038/nature07615},
	pages = {73--77},
	number = {7234},
	journaltitle = {Nature},
	author = {Shank, Sylvan S. and Margoliash, Daniel},
	urldate = {2016-10-20},
	date = {2009-03-05},
	keywords = {{OutstandingInterest}, Replay, {ToRead}},
	file = {Shank&MargoliashNature2009.pdf:/home/ecoffet/.zotero/zotero/3z1dqxla.default/zotero/storage/TJHH55DF/Shank&MargoliashNature2009.pdf:application/pdf}
}

@article{dave_song_2000,
	title = {Song Replay During Sleep and Computational Rules for Sensorimotor Vocal Learning},
	volume = {290},
	issn = {00368075, 10959203},
	url = {http://www.sciencemag.org/cgi/doi/10.1126/science.290.5492.812},
	doi = {10.1126/science.290.5492.812},
	pages = {812--816},
	number = {5492},
	journaltitle = {Science},
	author = {Dave, A. S.},
	urldate = {2016-09-21},
	date = {2000-10-27},
	keywords = {{ToRead}},
	file = {Dave - 2000 - Song Replay During Sleep and Computational Rules f.pdf:/home/ecoffet/.zotero/zotero/3z1dqxla.default/zotero/storage/HC8MGXU7/Dave - 2000 - Song Replay During Sleep and Computational Rules f.pdf:application/pdf}
}

@book{oudeyer_aux_2013,
	location = {Paris},
	title = {Aux sources de la parole: auto-organisation et évolution},
	isbn = {978-2-7381-2948-2},
	shorttitle = {Aux sources de la parole},
	publisher = {O. Jacob},
	author = {Oudeyer, Pierre-Yves},
	date = {2013},
	note = {{OCLC}: 862212421},
	keywords = {{ToRead}}
}

@inproceedings{zimmer_bootstrapping_????,
	title = {Bootstrapping Q-Learning for Robotics from Neuro-Evolution Results},
	author = {Zimmer, Matthieu and Doncieux, Stephane},
	file = {Zimmer et Doncieux - Bootstrapping Q-Learning for Robotics from Neuro-E.pdf:/home/ecoffet/.zotero/zotero/3z1dqxla.default/zotero/storage/V4EVVAMD/Zimmer et Doncieux - Bootstrapping Q-Learning for Robotics from Neuro-E.pdf:application/pdf}
}

@article{tchernichovski_procedure_2000,
	title = {A procedure for an automated measurement of song similarity},
	volume = {59},
	issn = {00033472},
	url = {http://linkinghub.elsevier.com/retrieve/pii/S0003347299914161},
	doi = {10.1006/anbe.1999.1416},
	pages = {1167--1176},
	number = {6},
	journaltitle = {Animal Behaviour},
	author = {Tchernichovski, Ofer and Nottebohm, Fernando and Ho, Ching Elizabeth and Pesaran, Bijan and Mitra, Partha Pratim},
	urldate = {2016-09-29},
	date = {2000-06},
	langid = {english},
	keywords = {Important, Syllabe precursor},
	file = {Tchernichovski et al. - 2000 - A procedure for an automated measurement of song s.pdf:/home/ecoffet/.zotero/zotero/3z1dqxla.default/zotero/storage/AENSNRKR/Tchernichovski et al. - 2000 - A procedure for an automated measurement of song s.pdf:application/pdf}
}

@inproceedings{chou_studies_2008,
	title = {On the Studies of Syllable Segmentation and Improving {MFCCs} for Automatic Birdsong Recognition},
	url = {http://ieeexplore.ieee.org/document/4780764/},
	doi = {10.1109/APSCC.2008.6},
	pages = {745--750},
	publisher = {{IEEE}},
	author = {Chou, Chih-Hsun and Liu, Pang-Hsin and Cai, Bingjing},
	urldate = {2016-10-06},
	date = {2008-12},
	keywords = {{ToRead}},
	file = {Chou et al. - 2008 - On the Studies of Syllable Segmentation and Improv.pdf:/home/ecoffet/.zotero/zotero/3z1dqxla.default/zotero/storage/U9DJPE6X/Chou et al. - 2008 - On the Studies of Syllable Segmentation and Improv.pdf:application/pdf}
}

@article{crandall_hvc_2007,
	title = {{HVC} Neural Sleep Activity Increases With Development and Parallels Nightly Changes in Song Behavior},
	volume = {98},
	issn = {0022-3077, 1522-1598},
	url = {http://jn.physiology.org/cgi/doi/10.1152/jn.00128.2007},
	doi = {10.1152/jn.00128.2007},
	pages = {232--240},
	number = {1},
	journaltitle = {Journal of Neurophysiology},
	author = {Crandall, S. R. and Adam, M. and Kinnischtzke, A. K. and Nick, T. A.},
	urldate = {2016-10-20},
	date = {2007-05-16},
	langid = {english},
	keywords = {{ToRead}},
	file = {Crandall et al. - 2007 - HVC Neural Sleep Activity Increases With Developme.pdf:/home/ecoffet/.zotero/zotero/3z1dqxla.default/zotero/storage/EKTB36DD/Crandall et al. - 2007 - HVC Neural Sleep Activity Increases With Developme.pdf:application/pdf}
}

@article{deregnaucourt_melatonin_2012,
	title = {Melatonin affects the temporal pattern of vocal signatures in birds: Melatonin and birdsong},
	volume = {53},
	issn = {07423098},
	url = {http://doi.wiley.com/10.1111/j.1600-079X.2012.00993.x},
	doi = {10.1111/j.1600-079X.2012.00993.x},
	shorttitle = {Melatonin affects the temporal pattern of vocal signatures in birds},
	pages = {245--258},
	number = {3},
	journaltitle = {Journal of Pineal Research},
	author = {Derégnaucourt, Sébastien and Saar, Sigal and Gahr, Manfred},
	urldate = {2016-10-20},
	date = {2012-10},
	langid = {english},
	keywords = {{ToRead}},
	file = {DeregnaucourtetalJPinRes2012.pdf:/home/ecoffet/.zotero/zotero/3z1dqxla.default/zotero/storage/2CXR3M5E/DeregnaucourtetalJPinRes2012.pdf:application/pdf}
}

@article{lipkind_stepwise_2013,
	title = {Stepwise acquisition of vocal combinatorial capacity in songbirds and human infants},
	volume = {498},
	issn = {0028-0836, 1476-4687},
	url = {http://www.nature.com/doifinder/10.1038/nature12173},
	doi = {10.1038/nature12173},
	pages = {104--108},
	number = {7452},
	journaltitle = {Nature},
	author = {Lipkind, Dina and Marcus, Gary F. and Bemis, Douglas K. and Sasahara, Kazutoshi and Jacoby, Nori and Takahasi, Miki and Suzuki, Kenta and Feher, Olga and Ravbar, Primoz and Okanoya, Kazuo and Tchernichovski, Ofer},
	urldate = {2016-10-20},
	date = {2013-05-29},
	keywords = {{OutstandingInterest}},
	file = {LipkindetalNature2013.pdf:/home/ecoffet/.zotero/zotero/3z1dqxla.default/zotero/storage/MS9I4KPF/LipkindetalNature2013.pdf:application/pdf}
}

@article{liu_juvenile_2004,
	title = {Juvenile zebra finches can use multiple strategies to learn the same song},
	volume = {101},
	url = {http://www.pnas.org/content/101/52/18177.short},
	pages = {18177--18182},
	number = {52},
	journaltitle = {Proceedings of the National Academy of Sciences},
	author = {Liu, Wan-chun and Gardner, Timothy J. and Nottebohm, Fernando},
	urldate = {2016-10-20},
	date = {2004},
	file = {LiuetalPNAS2004.pdf:/home/ecoffet/.zotero/zotero/3z1dqxla.default/zotero/storage/6C8JUJMR/LiuetalPNAS2004.pdf:application/pdf}
}

@article{long_using_2008,
	title = {Using temperature to analyse temporal dynamics in the songbird motor pathway},
	volume = {456},
	issn = {0028-0836, 1476-4687},
	url = {http://www.nature.com/doifinder/10.1038/nature07448},
	doi = {10.1038/nature07448},
	pages = {189--194},
	number = {7219},
	journaltitle = {Nature},
	author = {Long, Michael A. and Fee, Michale S.},
	urldate = {2016-10-20},
	date = {2008-11-13},
	keywords = {{LowInterest}, {ToRead}},
	file = {Long&FeeNature2008.pdf:/home/ecoffet/.zotero/zotero/3z1dqxla.default/zotero/storage/DUHQHC5T/Long&FeeNature2008.pdf:application/pdf}
}

@article{low_mammalian-like_2008,
	title = {Mammalian-like features of sleep structure in zebra finches},
	volume = {105},
	url = {http://www.pnas.org/content/105/26/9081.short},
	pages = {9081--9086},
	number = {26},
	journaltitle = {Proceedings of the National Academy of Sciences},
	author = {Low, Philip Steven and Shank, Sylvan S. and Sejnowski, Terrence J. and Margoliash, Daniel},
	urldate = {2016-10-20},
	date = {2008},
	keywords = {{ToRead}},
	file = {LowetalPNAS2008.pdf:/home/ecoffet/.zotero/zotero/3z1dqxla.default/zotero/storage/6U4473ND/LowetalPNAS2008.pdf:application/pdf}
}

@article{roberts_rapid_2010,
	title = {Rapid spine stabilization and synaptic enhancement at the onset of behavioural learning},
	volume = {463},
	issn = {0028-0836, 1476-4687},
	url = {http://www.nature.com/doifinder/10.1038/nature08759},
	doi = {10.1038/nature08759},
	pages = {948--952},
	number = {7283},
	journaltitle = {Nature},
	author = {Roberts, Todd F. and Tschida, Katherine A. and Klein, Marguerita E. and Mooney, Richard},
	urldate = {2016-10-20},
	date = {2010-02-18},
	keywords = {{ToRead}},
	file = {RobertsetalNature2010.pdf:/home/ecoffet/.zotero/zotero/3z1dqxla.default/zotero/storage/CSMPCPN8/RobertsetalNature2010.pdf:application/pdf}
}

@article{bertram_two_2014,
	title = {Two neural streams, one voice: Pathways for theme and variation in the songbird brain},
	volume = {277},
	issn = {03064522},
	url = {http://linkinghub.elsevier.com/retrieve/pii/S0306452214006344},
	doi = {10.1016/j.neuroscience.2014.07.061},
	shorttitle = {Two neural streams, one voice},
	pages = {806--817},
	journaltitle = {Neuroscience},
	author = {Bertram, R. and Daou, A. and Hyson, R.L. and Johnson, F. and Wu, W.},
	urldate = {2016-12-01},
	date = {2014-09},
	langid = {english},
	keywords = {{ToRead}},
	file = {c6067c2cfa6906b106ddad7dfa6fa29ba619.pdf:/home/ecoffet/.zotero/zotero/3z1dqxla.default/zotero/storage/VEC9UV8G/c6067c2cfa6906b106ddad7dfa6fa29ba619.pdf:application/pdf}
}

@article{vallentin_inhibition_2016,
	title = {Inhibition protects acquired song segments during vocal learning in zebra finches},
	volume = {351},
	issn = {0036-8075, 1095-9203},
	url = {http://www.sciencemag.org/cgi/doi/10.1126/science.aad3023},
	doi = {10.1126/science.aad3023},
	pages = {267--271},
	number = {6270},
	journaltitle = {Science},
	author = {Vallentin, D. and Kosche, G. and Lipkind, D. and Long, M. A.},
	urldate = {2016-10-20},
	date = {2016-01-15},
	langid = {english},
	keywords = {{ToRead}},
	file = {VallentinetalScience2016.pdf:/home/ecoffet/.zotero/zotero/3z1dqxla.default/zotero/storage/NNBRAGGR/VallentinetalScience2016.pdf:application/pdf}
}

@article{trevisan_models_2009,
	title = {Models of birdsong (physics)},
	volume = {4},
	issn = {1941-6016},
	url = {http://www.scholarpedia.org/article/Models_of_birdsong_%28physics%29},
	doi = {10.4249/scholarpedia.6923},
	pages = {6923},
	number = {3},
	journaltitle = {Scholarpedia},
	author = {Trevisan, Marcos and Mindlin, Gabriel},
	urldate = {2016-11-03},
	date = {2009},
	langid = {english}
}

@article{amador_low_2014,
	title = {Low dimensional dynamics in birdsong production},
	volume = {87},
	issn = {1434-6028, 1434-6036},
	url = {http://link.springer.com/10.1140/epjb/e2014-50566-5},
	doi = {10.1140/epjb/e2014-50566-5},
	number = {12},
	journaltitle = {The European Physical Journal B},
	author = {Amador, Ana and Mindlin, Gabriel B.},
	urldate = {2016-11-03},
	date = {2014-12},
	langid = {english},
	file = {Amador et Mindlin - 2014 - Low dimensional dynamics in birdsong production.pdf:/home/ecoffet/.zotero/zotero/3z1dqxla.default/zotero/storage/TCMVDPME/Amador et Mindlin - 2014 - Low dimensional dynamics in birdsong production.pdf:application/pdf}
}

@article{muda_voice_2010,
	title = {Voice recognition algorithms using mel frequency cepstral coefficient ({MFCC}) and dynamic time warping ({DTW}) techniques},
	url = {http://arxiv.org/abs/1003.4083},
	journaltitle = {{arXiv} preprint {arXiv}:1003.4083},
	author = {Muda, Lindasalwa and Begam, Mumtaj and Elamvazuthi, I.},
	urldate = {2016-11-24},
	date = {2010},
	keywords = {Comparison, {MFCC}, Voice Recognition},
	file = {1003.4083.pdf:/home/ecoffet/.zotero/zotero/3z1dqxla.default/zotero/storage/TK58Z9MW/1003.4083.pdf:application/pdf}
}

@article{stumpf_influence_1976,
	title = {The influence of branched chain aminoacids and their ketoderivatives on renal gluconeogenesis},
	volume = {6},
	issn = {0300-1725},
	abstract = {Isolated kidney tubules served as a model to investigate the direct effect of branched chain aminoacids and their ketoderivatives on gluconeogenesis. The data presented in this paper demonstrate that the ketoderivatives rather than the branched chain aminoacids themselves inhibit renal glucosesynthesis from various precursors entering the glucogenic pathway at different levels. Though the point of the inhibitory attack of ketoacids could not be localized, an impairement of the kidney cortex to respond to metabolic acidosis with an increase of gluconeogenesis is evident from the present data. The relevance of the presented data concerning the production of hypoglycemia and metabolic acidosis in leucine induced hypoglycemia and maple syrup urine disease is discussed.},
	pages = {51--64},
	journaltitle = {Current Problems in Clinical Biochemistry},
	shortjournal = {Curr Probl Clin Biochem},
	author = {Stumpf, B. and Kraus, H. and Kasten, R.},
	date = {1976},
	pmid = {11967},
	keywords = {Amino Acids, Animals, Calcium, Fructose, Gluconeogenesis, Humans, Hydrogen-Ion Concentration, In Vitro Techniques, Isoleucine, Keto Acids, Kidney Tubules, Kinetics, Lactates, Leucine, Male, Maple Syrup Urine Disease, Oxygen Consumption, Pyruvates, Rats, Succinates, Valine}
}

@article{perl_reconstruction_2011,
	title = {Reconstruction of physiological instructions from Zebra finch song},
	volume = {84},
	issn = {1539-3755, 1550-2376},
	url = {http://link.aps.org/doi/10.1103/PhysRevE.84.051909},
	doi = {10.1103/PhysRevE.84.051909},
	number = {5},
	journaltitle = {Physical Review E},
	author = {Perl, Yonatan Sanz and Arneodo, Ezequiel M. and Amador, Ana and Goller, Franz and Mindlin, Gabriel B.},
	urldate = {2016-12-01},
	date = {2011-11-16},
	langid = {english},
	keywords = {{ToRead}},
	file = {perl2011.pdf:/home/ecoffet/.zotero/zotero/3z1dqxla.default/zotero/storage/42NTTZZV/perl2011.pdf:application/pdf}
}

@article{picardo_population-level_2016,
	title = {Population-Level Representation of a Temporal Sequence Underlying Song Production in the Zebra Finch},
	volume = {90},
	issn = {08966273},
	url = {http://linkinghub.elsevier.com/retrieve/pii/S0896627316001094},
	doi = {10.1016/j.neuron.2016.02.016},
	pages = {866--876},
	number = {4},
	journaltitle = {Neuron},
	author = {Picardo, Michel A. and Merel, Josh and Katlowitz, Kalman A. and Vallentin, Daniela and Okobi, Daniel E. and Benezra, Sam E. and Clary, Rachel C. and Pnevmatikakis, Eftychios A. and Paninski, Liam and Long, Michael A.},
	urldate = {2016-12-01},
	date = {2016-05},
	langid = {english},
	file = {1-s2.0-S0896627316001094-main.pdf:/home/ecoffet/.zotero/zotero/3z1dqxla.default/zotero/storage/FU2ABSNV/1-s2.0-S0896627316001094-main.pdf:application/pdf}
}

@article{boari_automatic_2015,
	title = {Automatic reconstruction of physiological gestures used in a model of birdsong production},
	volume = {114},
	rights = {Copyright © 2015 the American Physiological Society},
	issn = {0022-3077, 1522-1598},
	url = {http://jn.physiology.org/content/114/5/2912},
	doi = {10.1152/jn.00385.2015},
	abstract = {Highly coordinated learned behaviors are key to understanding neural processes integrating the body and the environment. Birdsong production is a widely studied example of such behavior in which numerous thoracic muscles control respiratory inspiration and expiration: the muscles of the syrinx control syringeal membrane tension, while upper vocal tract morphology controls resonances that modulate the vocal system output. All these muscles have to be coordinated in precise sequences to generate the elaborate vocalizations that characterize an individual's song. Previously we used a low-dimensional description of the biomechanics of birdsong production to investigate the associated neural codes, an approach that complements traditional spectrographic analysis. The prior study used algorithmic yet manual procedures to model singing behavior. In the present work, we present an automatic procedure to extract low-dimensional motor gestures that could predict vocal behavior. We recorded zebra finch songs and generated synthetic copies automatically, using a biomechanical model for the vocal apparatus and vocal tract. This dynamical model described song as a sequence of physiological parameters the birds control during singing. To validate this procedure, we recorded electrophysiological activity of the telencephalic nucleus {HVC}. {HVC} neurons were highly selective to the auditory presentation of the bird's own song ({BOS}) and gave similar selective responses to the automatically generated synthetic model of song ({AUTO}). Our results demonstrate meaningful dimensionality reduction in terms of physiological parameters that individual birds could actually control. Furthermore, this methodology can be extended to other vocal systems to study fine motor control.},
	pages = {2912--2922},
	number = {5},
	journaltitle = {Journal of Neurophysiology},
	author = {Boari, Santiago and Perl, Yonatan Sanz and Amador, Ana and Margoliash, Daniel and Mindlin, Gabriel B.},
	urldate = {2016-12-08},
	date = {2015-11-15},
	langid = {english},
	pmid = {26378204},
	file = {Full Text PDF:/home/ecoffet/.zotero/zotero/3z1dqxla.default/zotero/storage/JR6VIJT7/Boari et al. - 2015 - Automatic reconstruction of physiological gestures.pdf:application/pdf;Snapshot:/home/ecoffet/.zotero/zotero/3z1dqxla.default/zotero/storage/EAB2KVRE/2912.html:text/html}
}

@article{lynch_rhythmic_2016,
	title = {Rhythmic Continuous-Time Coding in the Songbird Analog of Vocal Motor Cortex},
	volume = {90},
	issn = {08966273},
	url = {http://linkinghub.elsevier.com/retrieve/pii/S0896627316301088},
	doi = {10.1016/j.neuron.2016.04.021},
	pages = {877--892},
	number = {4},
	journaltitle = {Neuron},
	author = {Lynch, Galen F. and Okubo, Tatsuo S. and Hanuschkin, Alexander and Hahnloser, Richard H.R. and Fee, Michale S.},
	urldate = {2016-12-08},
	date = {2016-05},
	langid = {english},
	file = {1-s2.0-S0896627316301088-main.pdf:/home/ecoffet/.zotero/zotero/3z1dqxla.default/zotero/storage/V8INCI8E/1-s2.0-S0896627316301088-main.pdf:application/pdf}
}